@article{Kommi2011,
author = "Tirupathaiah Kommi and Srikanth Jatla",
title = "Text Categorization using Distributional Features and Semantic Equivalence",
year = "2011",
journal="International Journal of Computer Applications"}

@article{Sebastiani2002,
author = "F. Sebastiani",
title = "Machine Learning in Automated Text Categorization",
year = "2002",
journal = "ACM Computing Surveys",
volume = "34 (1)",
pages = "1-47",
}

@article{Xue2007,
author = "Xiao-Bing Xue and Zhi-Hua Zhou",
title = "Distributional Features for Text Categorization",
year = "2007",
journal = "IEEE Transactions on Knowledge and Data Engineering",
}

@article{Bekkerman2001,
author = "Ron Bekkerman and Ran El-Yaniv and Naftali Tishby and Yoad Winter",
title = "On Feature Distributional Clustering for Text Categorization",
year = "2001",
journal = "SIGIR",
}

@inproceedings{Han2012,
author = "Bo Han and Paul Cook and Timothy Baldwin",
title = "Automatically Constructing a Normalisation Dictionary for Microblogs",
year = "2012",
booktitle = "EMNLP"
}
@inproceedings{Cardoso2007,
author = "Ana Cardoso-Cachopo and Arlindo Oliveira",
title = "Semi-supervised Single-label Text Categorization using Centroid-based Classifiers",
year = "2007",
booktitle = "22nd Annual ACM Symposium on Applied Computing (SAC), Special Track on Information Access and Retrieval (IAR)",
pages = "844-851",
place = "Seoul, Korea"
}

@inproceedings{Cardoso2007lsi,
author = "Ana Cardoso-Cachopo and Arlindo Oliveira",
title = "Combining LSI with Other Classifiers to Improve Accuracy of Single-label Text Classification",
year = "2007",
booktitle = "First European Workshop on Latent Semantic Analysis in Technology Enhanced Learning",
}

@inproceedings{Kadar2011,
author = "Cristina Kadar and Jose Iria",
title = "Domain Adaptation for Text Categorization by Feature Labelling",
year = "2011",
booktitle = "Domain Adaptation for Text Categorization by Feature Labelling",
}

@inproceedings{OSeaghdha2008,
author = "Diarmuid O'Seaghdha and Ann Copestake",
title = "Semantic Classification with Distributional Kernels",
year = "2008",
booktitle ="22nd International Conference on Computational Linguistics (COLING)",
place = "Manchester, UK"
}

@phdthesis{Cardoso2007thesis,
author = "Ana Cardoso-Cachopo",
title = "Improving Methods for Single-label Text Categorization",
year="2007"
}

@inproceedings{Kriegel2004,
author = "Hans-Peter Kriegel and Matthias Schubert",
title="Classification of Websites as Sets of Feature Vectors",
year="2004",
booktitle="IASTED International Conference on Databases and Applications",
place="Innsbruck, Austria"
}

@article{Turney2012,
author= "Peter D. Turney",
title="Domain and Function: A Dual-Space Model of Semantic Relations and Compositions",
year="2012",
journal="Journal of Artificial Intelligence Research 44"
}

@inproceedings{Baroni2010,
author= "Marco Baroni and Roberto Zamparelli",
title = "Nouns are Vectors, Adjectives are Matrices: Representing Adjective-Noun Constructions in Semantic Space",
year="2010",
booktitle="Proceedings of the 2010 Conference on Empirical Methods in Natural Language Processing"
}

@inproceedings{Dinu2012,
author="Georgiana Dinu and Stefan Thater",
title="Saarland: Vector-based Models of Semantic Textual Similarity",
year="2012",
booktitle="First Joint Conference on Lexical and Computational Semantics (*SEM) - Shared Task",
place="Montreal, Canada"
}

@inproceedings{Baroni2011,
author="Marco Baroni and Alessandro Lenci",
title="How we BLESSed distributional semantic evaluation",
year="2011",
booktitle="Proceedings of the GEMS 2011 workshop on Geometic Models of Natural Language Semantics, EMNLP 2011",
place="Edinburgh, Scotland"
}

@inproceedings{Geffet2005,
author="Maayan Geffet and Ido Dagan",
title="Lexical Entailment and the Distributional Inclusion Hypothesis",
year="2005",
booktitle="Proceedings of the 43rd meeting of the Association for Computational Liuguistics (ACL)",
pages="107-114"
}

@inproceedings{Szpektor2008,
author="Idan Szpektor and Ido Dagan",
title="Learning Entailment Rules for Unary Templates",
booktitle="Proceedings of COLING",
place="Manchester, UK",
year = "2008"
}

@phdthesis{Clarke2007,
author="Daoud Clarke",
title="Context-theoretic Semantics for Natural Language: an Algebraic Framework",
school="University of Sussex",
year="2007"
}

@inproceedings{Weeds2003,
author="Julie Weeds and David Weir",
title="Co-occurence Retrieval: a General Framework for Distributional Lexical Semantics",
year="2003",
booktitle="Proceedings of EMNLP",
place="Sapporo, Japan"
}

 @inproceedings{Lenci2012,
author="Alessandro Lenci and Giulia Benotto",
title="Identifying hypernyms in distributional semantic spaces",
year="2012",
booktitle="Proceedings of the First Joint Conference on Lexical and Computational Semantics (*Sem)",
place="Montreal, Canada"
}
@inproceedings{Weeds2004,
author="Julie Weeds and David Weir and Diana McCarthy",
title="Characterising Measures of Lexical Distributional Similarity",
year="2004",
booktitle="Proceedings of COLING 2004",
place="Geneva, Switzerland"
}
@inproceedings{Lin1998,
author="Dekang Lin",
title="Automatic Retrieval and Clustering of Similar Words",
year="1998",
booktitle="Proceedings of the 17th International Conference on Computational Linguistings (COLING 1998)"
}
@article{Harris1954,
author = "Zelig Harris",
title="Distributional Structure",
journal="Word",
year = "1954",
volume="10",
pages="146-162"
}
@inproceedings{Kilgarriff2000,
author="Adam Kilgarriff and Colin Yallop",
title="What's in a Thesaurus?",
year="2000",
booktitle="Proceedings of the 2nd International Conference on Language Resources and Evaluation (LREC2000)"
}
@inproceedings{Lee1999,
author="Lillian Lee",
title="Measures of Distributional Similarity",
year="1999",
booktitle="Proceedings of ACL 1999"
}
@phdthesis{Curran2004,
author="James Curran",
title="From Distributional to Semantic Similarity",
year="2004",
school="University of Edinburgh"
}
@inproceedings{Bollegala2011,
author="Danushka Bollegala and David Weir and John Carroll",
title="Using Multiple Sources to Construct a Sentiment Sensitive Thesaurus for Cross-Domain Sentiment Classification",
year="2011",
booktitle="Proceedings of the 49th Annual Meeting of the Association for Computational Linguistics: Human Language Technologies (ACL-HLT 2011)"
}

@inproceedings{Mikolov2013,
author="Tomas Mikolov and Wen-tau Yih and Geoffrey Zweig",
title="Linguistic Regularities in Continuous Space Word Representations",
year="2013",
booktitle="Proceedings of NAACL-HLT 2013",
place="Atlanta, Georgia"
}

@article{Kotlerman2010,
author="Lili Kotlerman and Ido Dagan and Idan Szpektor and Maayan Zhitomirsky-Geffet",
title="Directional Distributional Similarity for Lexical Inference",
journal="Special Issue of Natural Language Engineering on Distributional Lexical Semantics",
volume="4(16)",
year="2010",
pages="359-389",
publisher="Cambridge University Press"
}


